@article{baek2023overview,
  author    = {Baek, Mirae and Baker, David},
  title     = {Before and after AlphaFold2: An overview of protein structure prediction},
  journal   = {Frontiers in Bioinformatics},
  volume    = {3},
  pages     = {1120370},
  year      = {2023},
  doi       = {10.3389/fbinf.2023.1120370}
}

@article{senior2020deep,
  author    = {Senior, Andrew W. and Evans, Richard and Jumper, John and others},
  title     = {Improved protein structure prediction using potentials from deep learning},
  journal   = {Nature},
  volume    = {577},
  pages     = {706--710},
  year      = {2020},
  doi       = {10.1038/s41586-019-1923-7}
}

@article{dill2012protein,
  author    = {Dill, Ken A. and MacCallum, Justin L.},
  title     = {The protein-folding problem, 50 years on},
  journal   = {Science},
  volume    = {338},
  number    = {6110},
  pages     = {1042--1046},
  year      = {2012},
  doi       = {10.1126/science.1219021}
}

@article{zhang2008itasser,
  author    = {Zhang, Yang},
  title     = {I-TASSER server for protein 3D structure prediction},
  journal   = {BMC Bioinformatics},
  volume    = {9},
  pages     = {40},
  year      = {2008},
  doi       = {10.1186/1471-2105-9-40}
}

@article{tunyasuvunakool2021casp14,
  author    = {Tunyasuvunakool, Kathryn and Adler, Jonas and Wu, Tim Green and others},
  title     = {Applying and improving AlphaFold at CASP14},
  journal   = {Proteins: Structure, Function, and Bioinformatics},
  volume    = {89},
  number    = {12},
  pages     = {1711--1721},
  year      = {2021},
  doi       = {10.1002/prot.26192}
}