@article{alphafold3,
  title={Highly accurate protein structure prediction with AlphaFold},
  author={Jumper, John and Evans, Richard and Pritzel, Alexander and Green, Tim and Figurnov, Michael and Ronneberger, Olaf and Tunyasuvunakool, Kathryn and Bates, Russ and {\v{Z}}{\'\i}dek, Augustin and Potapenko, Anna and others},
  journal={Nature},
  volume={596},
  number={7873},
  pages={583--589},
  year={2021},
  publisher={Nature Publishing Group UK London}
}

@online{kubernetes,
  title={Kubernetes: Production-Grade Container Orchestration},
  author={{The Kubernetes Authors}},
  url={https://kubernetes.io/},
  year={2023},
  urldate={2025-05-11}
}

@online{k8s_operators,
  title={Kubernetes Operators},
  author={{The Kubernetes Authors}},
  url={https://kubernetes.io/docs/concepts/extend-kubernetes/operator/},
  year={2023},
  urldate={2025-05-11}
}

@online{container_orchestration,
  title={What is Container Orchestration?},
  author={{Red Hat}},
  url={https://www.redhat.com/en/topics/containers/what-is-container-orchestration},
  year={2023},
  urldate={2025-05-11}
}